<?xml version="1.0" encoding="UTF-8"?><collection xmlns="http://www.loc.gov/MARC21/slim"><record><leader>00407nam--2200133-i-4500</leader><controlfield tag="001">000036142</controlfield><controlfield tag="002">20161230</controlfield><controlfield tag="005">20161230201040</controlfield><controlfield tag="008">060222s1000------------r-----000-0-eng-d</controlfield><datafield ind1=" " ind2=" " tag="100"><subfield code="a">Nilsson, Sven Gosta</subfield></datafield><datafield ind1=" " ind2=" " tag="245"><subfield code="a">Binding states of individual nucleons in strongly deformed nuclei</subfield></datafield><datafield ind1=" " ind2=" " tag="260"><subfield code="a">Kobenhavn, Munksgaard, 1955. 68p.+1pl</subfield></datafield><datafield ind1=" " ind2=" " tag="490"><subfield code="a">Det Kogelige Danske..Mat. Phys. Medd B.29.Nr.16</subfield></datafield><datafield ind1=" " ind2=" " tag="852"><subfield code="a">12669</subfield></datafield></record></collection>